@article{_article,
	title = {article title},
	copyright = {Â© 2008 Institution of Mechanical Engineers},
	shorttitle = {article short title},
	doi = {10.0000/0000000000000000},
	abstract = {Abstract abs abs abs},
	urldate = {2000-01-01},
	journal = {journal},
	author = {Author, A. and Author, B.},
	month = jan,
	year = {2000},
}

@book{_book,
    author = "Author",
    title = {Book Title},
    publisher = {Publisher},
    series = "Series",
    note = "Note",
    edition = "Edition",
    year = 2112,
    url = {www.url.com},
    journal = "Journal",
    month = "Month",
}

@misc{_misc,
	title = {misc title},
	shorttitle = {misc short title},
	url = {https://www.google.com/},
	abstract = {abs abs abs},
	urldate = {2000-01-01},
}

@incollection{_incollection,
	title = {incollection title},
	url = {https://url.com/},
	urldate = {2000-01-01},
	booktitle = {booktitle},
	publisher = {publisher},
	author = {author, a and author, b},
}

@inproceedings{_inproceedings,
	address = {address},
	title = {inproceedings title},
	isbn = {111-1-11111-111-1},
	url = {http://url.org/},
	doi = {10.0000/1.1111-1111},
	language = {en},
	urldate = {2000-01-01},
	booktitle = {booktitle},
	publisher = {publisher},
	author = {author, a and author, b},
	month = jan,
	year = {2000},
}


@techreport{_techreport,
	type = {Technical {Report}},
	title = {techreport title},
	url = {http://www.url.org/i.html},
	institution = {institution},
	author = {author, a and author, b},
	month = jan,
	year = {2000},
}


